%YAML 1.1
%TAG !u! tag:unity3d.com,2011:
--- !u!1 &1162043038024690051
GameObject:
  m_ObjectHideFlags: 0
  m_CorrespondingSourceObject: {fileID: 0}
  m_PrefabInstance: {fileID: 0}
  m_PrefabAsset: {fileID: 0}
  serializedVersion: 6
  m_Component:
  - component: {fileID: 6396149426915722501}
  m_Layer: 0
  m_Name: Cannon
  m_TagString: Untagged
  m_Icon: {fileID: 0}
  m_NavMeshLayer: 0
  m_StaticEditorFlags: 0
  m_IsActive: 1
--- !u!4 &6396149426915722501
Transform:
  m_ObjectHideFlags: 0
  m_CorrespondingSourceObject: {fileID: 0}
  m_PrefabInstance: {fileID: 0}
  m_PrefabAsset: {fileID: 0}
  m_GameObject: {fileID: 1162043038024690051}
  m_LocalRotation: {x: 0, y: 0, z: 0, w: 1}
  m_LocalPosition: {x: 0.112, y: 0.018, z: 0}
  m_LocalScale: {x: 1, y: 1, z: 1}
  m_Children: []
  m_Father: {fileID: 2046230249051270399}
  m_RootOrder: 3
  m_LocalEulerAnglesHint: {x: 0, y: 0, z: 0}
--- !u!114 &866474754525505662
MonoBehaviour:
  m_ObjectHideFlags: 0
  m_CorrespondingSourceObject: {fileID: 0}
  m_PrefabInstance: {fileID: 0}
  m_PrefabAsset: {fileID: 0}
  m_GameObject: {fileID: 7030755623517391998}
  m_Enabled: 1
  m_EditorHideFlags: 0
  m_Script: {fileID: 11500000, guid: 2ecd86619916c1e488e45a6b2aa5f06f, type: 3}
  m_Name: 
  m_EditorClassIdentifier: 
  UseCooldown: 0.3
  MaxUses: 3
  DamagesPerTick: 10
  TickDelay: 0.2
  MaxRange: 8
  BeamMaxDuration: 1.2
  CollisionsMask:
    serializedVersion: 2
    m_Bits: 768
  RangeOverTime:
    serializedVersion: 2
    m_Curve:
    - serializedVersion: 3
      time: 0
      value: 0
      inSlope: 20.986828
      outSlope: 20.986828
      tangentMode: 0
      weightedMode: 0
      inWeight: 0
      outWeight: 0.07499954
    - serializedVersion: 3
      time: 0.09523868
      value: 1.1508046
      inSlope: 4.0138054
      outSlope: 4.0138054
      tangentMode: 0
      weightedMode: 0
      inWeight: 0.350004
      outWeight: 0.22136188
    - serializedVersion: 3
      time: 0.26221907
      value: 1
      inSlope: -0.003615199
      outSlope: -0.003615199
      tangentMode: 0
      weightedMode: 0
      inWeight: 0.620405
      outWeight: 0.42905214
    - serializedVersion: 3
      time: 0.8142497
      value: 0.63751245
      inSlope: -2.4658172
      outSlope: -2.4658172
      tangentMode: 0
      weightedMode: 0
      inWeight: 0.33333334
      outWeight: 0.2065638
    - serializedVersion: 3
      time: 1.0023804
      value: 0
      inSlope: -0.055914093
      outSlope: -0.055914093
      tangentMode: 0
      weightedMode: 0
      inWeight: 1
      outWeight: 0
    m_PreInfinity: 2
    m_PostInfinity: 2
    m_RotationOrder: 4
  WaterBeamPrefab: {fileID: 9067745776853375665, guid: 6f032ca72f140864c99024676beceb36, type: 3}
  Cannon: {fileID: 6396149426915722501}
--- !u!1001 &2012848365659835156
PrefabInstance:
  m_ObjectHideFlags: 0
  serializedVersion: 2
  m_Modification:
    m_TransformParent: {fileID: 1260767599866053073}
    m_Modifications:
    - target: {fileID: -8679921383154817045, guid: 16b41890fdb58c243b04057be8f464af, type: 3}
      propertyPath: m_RootOrder
      value: 0
      objectReference: {fileID: 0}
    - target: {fileID: -8679921383154817045, guid: 16b41890fdb58c243b04057be8f464af, type: 3}
      propertyPath: m_LocalScale.x
      value: 1.7
      objectReference: {fileID: 0}
    - target: {fileID: -8679921383154817045, guid: 16b41890fdb58c243b04057be8f464af, type: 3}
      propertyPath: m_LocalScale.y
      value: 1.7
      objectReference: {fileID: 0}
    - target: {fileID: -8679921383154817045, guid: 16b41890fdb58c243b04057be8f464af, type: 3}
      propertyPath: m_LocalScale.z
      value: 1.7
      objectReference: {fileID: 0}
    - target: {fileID: -8679921383154817045, guid: 16b41890fdb58c243b04057be8f464af, type: 3}
      propertyPath: m_LocalPosition.x
      value: 0
      objectReference: {fileID: 0}
    - target: {fileID: -8679921383154817045, guid: 16b41890fdb58c243b04057be8f464af, type: 3}
      propertyPath: m_LocalPosition.y
      value: 0
      objectReference: {fileID: 0}
    - target: {fileID: -8679921383154817045, guid: 16b41890fdb58c243b04057be8f464af, type: 3}
      propertyPath: m_LocalPosition.z
      value: 0
      objectReference: {fileID: 0}
    - target: {fileID: -8679921383154817045, guid: 16b41890fdb58c243b04057be8f464af, type: 3}
      propertyPath: m_LocalRotation.w
      value: 0.5
      objectReference: {fileID: 0}
    - target: {fileID: -8679921383154817045, guid: 16b41890fdb58c243b04057be8f464af, type: 3}
      propertyPath: m_LocalRotation.x
      value: 0.5
      objectReference: {fileID: 0}
    - target: {fileID: -8679921383154817045, guid: 16b41890fdb58c243b04057be8f464af, type: 3}
      propertyPath: m_LocalRotation.y
      value: -0.5
      objectReference: {fileID: 0}
    - target: {fileID: -8679921383154817045, guid: 16b41890fdb58c243b04057be8f464af, type: 3}
      propertyPath: m_LocalRotation.z
      value: 0.5
      objectReference: {fileID: 0}
    - target: {fileID: -8679921383154817045, guid: 16b41890fdb58c243b04057be8f464af, type: 3}
      propertyPath: m_LocalEulerAnglesHint.x
      value: 90
      objectReference: {fileID: 0}
    - target: {fileID: -8679921383154817045, guid: 16b41890fdb58c243b04057be8f464af, type: 3}
      propertyPath: m_LocalEulerAnglesHint.y
      value: 0
      objectReference: {fileID: 0}
    - target: {fileID: -8679921383154817045, guid: 16b41890fdb58c243b04057be8f464af, type: 3}
      propertyPath: m_LocalEulerAnglesHint.z
      value: 90
      objectReference: {fileID: 0}
    - target: {fileID: 919132149155446097, guid: 16b41890fdb58c243b04057be8f464af, type: 3}
      propertyPath: m_Name
      value: Watergun_Geo
      objectReference: {fileID: 0}
    m_RemovedComponents: []
  m_SourcePrefab: {fileID: 100100000, guid: 16b41890fdb58c243b04057be8f464af, type: 3}
--- !u!4 &2046230249051270399 stripped
Transform:
  m_CorrespondingSourceObject: {fileID: -8679921383154817045, guid: 16b41890fdb58c243b04057be8f464af, type: 3}
  m_PrefabInstance: {fileID: 2012848365659835156}
  m_PrefabAsset: {fileID: 0}
--- !u!1001 &8625500131248489406
PrefabInstance:
  m_ObjectHideFlags: 0
  serializedVersion: 2
  m_Modification:
    m_TransformParent: {fileID: 0}
    m_Modifications:
    - target: {fileID: 1594745229900206016, guid: ae05a18b12d607c4199debb530c0799c, type: 3}
      propertyPath: m_Name
      value: WaterGun
      objectReference: {fileID: 0}
    - target: {fileID: 2326116234884109122, guid: ae05a18b12d607c4199debb530c0799c, type: 3}
      propertyPath: ItemMesh
      value: 
      objectReference: {fileID: 2046230249051270399}
    - target: {fileID: 2326116234884109122, guid: ae05a18b12d607c4199debb530c0799c, type: 3}
      propertyPath: HandleSize
      value: 0.05
      objectReference: {fileID: 0}
    - target: {fileID: 3332498324623038295, guid: ae05a18b12d607c4199debb530c0799c, type: 3}
      propertyPath: m_RootOrder
      value: 2
      objectReference: {fileID: 0}
    - target: {fileID: 3332498324623038295, guid: ae05a18b12d607c4199debb530c0799c, type: 3}
      propertyPath: m_LocalPosition.x
      value: 0
      objectReference: {fileID: 0}
    - target: {fileID: 3332498324623038295, guid: ae05a18b12d607c4199debb530c0799c, type: 3}
      propertyPath: m_LocalPosition.y
      value: -0.14
      objectReference: {fileID: 0}
    - target: {fileID: 3332498324623038295, guid: ae05a18b12d607c4199debb530c0799c, type: 3}
      propertyPath: m_LocalPosition.z
      value: 0
      objectReference: {fileID: 0}
    - target: {fileID: 3332498324623038295, guid: ae05a18b12d607c4199debb530c0799c, type: 3}
      propertyPath: m_LocalRotation.w
      value: 0.4777144
      objectReference: {fileID: 0}
    - target: {fileID: 3332498324623038295, guid: ae05a18b12d607c4199debb530c0799c, type: 3}
      propertyPath: m_LocalRotation.x
      value: 0.5213339
      objectReference: {fileID: 0}
    - target: {fileID: 3332498324623038295, guid: ae05a18b12d607c4199debb530c0799c, type: 3}
      propertyPath: m_LocalRotation.y
      value: -0.4777144
      objectReference: {fileID: 0}
    - target: {fileID: 3332498324623038295, guid: ae05a18b12d607c4199debb530c0799c, type: 3}
      propertyPath: m_LocalRotation.z
      value: 0.5213339
      objectReference: {fileID: 0}
    - target: {fileID: 3332498324623038295, guid: ae05a18b12d607c4199debb530c0799c, type: 3}
      propertyPath: m_LocalEulerAnglesHint.x
      value: 95
      objectReference: {fileID: 0}
    - target: {fileID: 3332498324623038295, guid: ae05a18b12d607c4199debb530c0799c, type: 3}
      propertyPath: m_LocalEulerAnglesHint.y
      value: -90
      objectReference: {fileID: 0}
    - target: {fileID: 3332498324623038295, guid: ae05a18b12d607c4199debb530c0799c, type: 3}
      propertyPath: m_LocalEulerAnglesHint.z
      value: 0
      objectReference: {fileID: 0}
    - target: {fileID: 3535926080280919328, guid: ae05a18b12d607c4199debb530c0799c, type: 3}
      propertyPath: m_Materials.Array.data[0]
      value: 
      objectReference: {fileID: 0}
    - target: {fileID: 5700809899031029247, guid: ae05a18b12d607c4199debb530c0799c, type: 3}
      propertyPath: Effect
      value: 
      objectReference: {fileID: 866474754525505662}
    - target: {fileID: 5700809899031029247, guid: ae05a18b12d607c4199debb530c0799c, type: 3}
      propertyPath: serializationData.Prefab
      value: 
      objectReference: {fileID: 5700809899031029247, guid: ae05a18b12d607c4199debb530c0799c, type: 3}
    - target: {fileID: 5824838594946824327, guid: ae05a18b12d607c4199debb530c0799c, type: 3}
      propertyPath: m_LocalPosition.x
      value: 0
      objectReference: {fileID: 0}
    - target: {fileID: 5824838594946824327, guid: ae05a18b12d607c4199debb530c0799c, type: 3}
      propertyPath: m_LocalPosition.y
      value: 0.06
      objectReference: {fileID: 0}
    - target: {fileID: 5824838594946824327, guid: ae05a18b12d607c4199debb530c0799c, type: 3}
      propertyPath: m_LocalPosition.z
      value: 0.12
      objectReference: {fileID: 0}
    - target: {fileID: 5824838594946824327, guid: ae05a18b12d607c4199debb530c0799c, type: 3}
      propertyPath: m_LocalRotation.w
      value: 0.7071068
      objectReference: {fileID: 0}
    - target: {fileID: 5824838594946824327, guid: ae05a18b12d607c4199debb530c0799c, type: 3}
      propertyPath: m_LocalRotation.x
      value: 0
      objectReference: {fileID: 0}
    - target: {fileID: 5824838594946824327, guid: ae05a18b12d607c4199debb530c0799c, type: 3}
      propertyPath: m_LocalRotation.y
      value: 0
      objectReference: {fileID: 0}
    - target: {fileID: 5824838594946824327, guid: ae05a18b12d607c4199debb530c0799c, type: 3}
      propertyPath: m_LocalRotation.z
      value: -0.7071068
      objectReference: {fileID: 0}
    - target: {fileID: 5824838594946824327, guid: ae05a18b12d607c4199debb530c0799c, type: 3}
      propertyPath: m_LocalEulerAnglesHint.z
      value: -90
      objectReference: {fileID: 0}
    - target: {fileID: 5891068646735184691, guid: ae05a18b12d607c4199debb530c0799c, type: 3}
      propertyPath: m_RootOrder
      value: 0
      objectReference: {fileID: 0}
    - target: {fileID: 5891068646735184691, guid: ae05a18b12d607c4199debb530c0799c, type: 3}
      propertyPath: m_LocalScale.x
      value: 1
      objectReference: {fileID: 0}
    - target: {fileID: 5891068646735184691, guid: ae05a18b12d607c4199debb530c0799c, type: 3}
      propertyPath: m_LocalScale.y
      value: 1
      objectReference: {fileID: 0}
    - target: {fileID: 5891068646735184691, guid: ae05a18b12d607c4199debb530c0799c, type: 3}
      propertyPath: m_LocalScale.z
      value: 1
      objectReference: {fileID: 0}
    - target: {fileID: 5891068646735184691, guid: ae05a18b12d607c4199debb530c0799c, type: 3}
      propertyPath: m_LocalPosition.x
      value: 0
      objectReference: {fileID: 0}
    - target: {fileID: 5891068646735184691, guid: ae05a18b12d607c4199debb530c0799c, type: 3}
      propertyPath: m_LocalPosition.y
      value: 0
      objectReference: {fileID: 0}
    - target: {fileID: 5891068646735184691, guid: ae05a18b12d607c4199debb530c0799c, type: 3}
      propertyPath: m_LocalPosition.z
      value: 0
      objectReference: {fileID: 0}
    - target: {fileID: 5891068646735184691, guid: ae05a18b12d607c4199debb530c0799c, type: 3}
      propertyPath: m_LocalRotation.w
      value: 1
      objectReference: {fileID: 0}
    - target: {fileID: 5891068646735184691, guid: ae05a18b12d607c4199debb530c0799c, type: 3}
      propertyPath: m_LocalRotation.x
      value: -0
      objectReference: {fileID: 0}
    - target: {fileID: 5891068646735184691, guid: ae05a18b12d607c4199debb530c0799c, type: 3}
      propertyPath: m_LocalRotation.y
      value: -0
      objectReference: {fileID: 0}
    - target: {fileID: 5891068646735184691, guid: ae05a18b12d607c4199debb530c0799c, type: 3}
      propertyPath: m_LocalRotation.z
      value: -0
      objectReference: {fileID: 0}
    - target: {fileID: 5891068646735184691, guid: ae05a18b12d607c4199debb530c0799c, type: 3}
      propertyPath: m_LocalEulerAnglesHint.x
      value: 0
      objectReference: {fileID: 0}
    - target: {fileID: 5891068646735184691, guid: ae05a18b12d607c4199debb530c0799c, type: 3}
      propertyPath: m_LocalEulerAnglesHint.y
      value: 0
      objectReference: {fileID: 0}
    - target: {fileID: 5891068646735184691, guid: ae05a18b12d607c4199debb530c0799c, type: 3}
      propertyPath: m_LocalEulerAnglesHint.z
      value: 0
      objectReference: {fileID: 0}
    - target: {fileID: 7173391728681023680, guid: ae05a18b12d607c4199debb530c0799c, type: 3}
      propertyPath: m_InitialEventName
      value: 
      objectReference: {fileID: 0}
    - target: {fileID: 7173391728681023680, guid: ae05a18b12d607c4199debb530c0799c, type: 3}
      propertyPath: m_InitialEventNameOverriden
      value: 1
      objectReference: {fileID: 0}
    - target: {fileID: 7407519618433041007, guid: ae05a18b12d607c4199debb530c0799c, type: 3}
      propertyPath: m_LocalPosition.x
      value: 0
      objectReference: {fileID: 0}
    - target: {fileID: 7407519618433041007, guid: ae05a18b12d607c4199debb530c0799c, type: 3}
      propertyPath: m_LocalPosition.y
      value: 0.4
      objectReference: {fileID: 0}
    - target: {fileID: 7407519618433041007, guid: ae05a18b12d607c4199debb530c0799c, type: 3}
      propertyPath: m_LocalPosition.z
      value: 0.029
      objectReference: {fileID: 0}
    - target: {fileID: 7407519618433041007, guid: ae05a18b12d607c4199debb530c0799c, type: 3}
      propertyPath: m_LocalRotation.w
      value: 0.69710135
      objectReference: {fileID: 0}
    - target: {fileID: 7407519618433041007, guid: ae05a18b12d607c4199debb530c0799c, type: 3}
      propertyPath: m_LocalRotation.x
      value: -0.11853167
      objectReference: {fileID: 0}
    - target: {fileID: 7407519618433041007, guid: ae05a18b12d607c4199debb530c0799c, type: 3}
      propertyPath: m_LocalRotation.y
      value: -0.11853167
      objectReference: {fileID: 0}
    - target: {fileID: 7407519618433041007, guid: ae05a18b12d607c4199debb530c0799c, type: 3}
      propertyPath: m_LocalRotation.z
      value: -0.69710135
      objectReference: {fileID: 0}
    - target: {fileID: 7407519618433041007, guid: ae05a18b12d607c4199debb530c0799c, type: 3}
      propertyPath: m_LocalEulerAnglesHint.x
      value: -19.3
      objectReference: {fileID: 0}
    - target: {fileID: 7407519618433041007, guid: ae05a18b12d607c4199debb530c0799c, type: 3}
      propertyPath: m_LocalEulerAnglesHint.y
      value: 0
      objectReference: {fileID: 0}
    - target: {fileID: 7407519618433041007, guid: ae05a18b12d607c4199debb530c0799c, type: 3}
      propertyPath: m_LocalEulerAnglesHint.z
      value: -90
      objectReference: {fileID: 0}
    m_RemovedComponents: []
  m_SourcePrefab: {fileID: 100100000, guid: ae05a18b12d607c4199debb530c0799c, type: 3}
--- !u!1 &7030755623517391998 stripped
GameObject:
  m_CorrespondingSourceObject: {fileID: 1594745229900206016, guid: ae05a18b12d607c4199debb530c0799c, type: 3}
  m_PrefabInstance: {fileID: 8625500131248489406}
  m_PrefabAsset: {fileID: 0}
--- !u!4 &1260767599866053073 stripped
Transform:
  m_CorrespondingSourceObject: {fileID: 7407519618433041007, guid: ae05a18b12d607c4199debb530c0799c, type: 3}
  m_PrefabInstance: {fileID: 8625500131248489406}
  m_PrefabAsset: {fileID: 0}
