%YAML 1.1
%TAG !u! tag:unity3d.com,2011:
--- !u!1 &3325650199791595141
GameObject:
  m_ObjectHideFlags: 0
  m_CorrespondingSourceObject: {fileID: 0}
  m_PrefabInstance: {fileID: 0}
  m_PrefabAsset: {fileID: 0}
  serializedVersion: 6
  m_Component:
  - component: {fileID: 8740721847131973001}
  m_Layer: 0
  m_Name: VioletteBucket
  m_TagString: Untagged
  m_Icon: {fileID: 0}
  m_NavMeshLayer: 0
  m_StaticEditorFlags: 0
  m_IsActive: 1
--- !u!4 &8740721847131973001
Transform:
  m_ObjectHideFlags: 0
  m_CorrespondingSourceObject: {fileID: 0}
  m_PrefabInstance: {fileID: 0}
  m_PrefabAsset: {fileID: 0}
  m_GameObject: {fileID: 3325650199791595141}
  m_LocalRotation: {x: 0, y: 0, z: 0, w: 1}
  m_LocalPosition: {x: 0, y: 0.4, z: 0}
  m_LocalScale: {x: 1, y: 1, z: 1}
  m_Children: []
  m_Father: {fileID: 6666776244600338094}
  m_RootOrder: 11
  m_LocalEulerAnglesHint: {x: 0, y: 0, z: 0}
--- !u!1 &5115105020833595795
GameObject:
  m_ObjectHideFlags: 0
  m_CorrespondingSourceObject: {fileID: 0}
  m_PrefabInstance: {fileID: 0}
  m_PrefabAsset: {fileID: 0}
  serializedVersion: 6
  m_Component:
  - component: {fileID: 1082096005680258134}
  m_Layer: 0
  m_Name: RightFootAnchor
  m_TagString: Untagged
  m_Icon: {fileID: 0}
  m_NavMeshLayer: 0
  m_StaticEditorFlags: 0
  m_IsActive: 1
--- !u!4 &1082096005680258134
Transform:
  m_ObjectHideFlags: 0
  m_CorrespondingSourceObject: {fileID: 0}
  m_PrefabInstance: {fileID: 0}
  m_PrefabAsset: {fileID: 0}
  m_GameObject: {fileID: 5115105020833595795}
  m_LocalRotation: {x: 2.2737368e-13, y: -0, z: -0, w: 1}
  m_LocalPosition: {x: 0.18036899, y: 0.1, z: -0.1}
  m_LocalScale: {x: 1, y: 1, z: 1}
  m_Children: []
  m_Father: {fileID: 2581864935710785044}
  m_RootOrder: 8
  m_LocalEulerAnglesHint: {x: 0, y: 0, z: 0}
--- !u!1 &7067702237528340940
GameObject:
  m_ObjectHideFlags: 0
  m_CorrespondingSourceObject: {fileID: 0}
  m_PrefabInstance: {fileID: 0}
  m_PrefabAsset: {fileID: 0}
  serializedVersion: 6
  m_Component:
  - component: {fileID: 829499373268830536}
  m_Layer: 0
  m_Name: LeftFootAnchor
  m_TagString: Untagged
  m_Icon: {fileID: 0}
  m_NavMeshLayer: 0
  m_StaticEditorFlags: 0
  m_IsActive: 1
--- !u!4 &829499373268830536
Transform:
  m_ObjectHideFlags: 0
  m_CorrespondingSourceObject: {fileID: 0}
  m_PrefabInstance: {fileID: 0}
  m_PrefabAsset: {fileID: 0}
  m_GameObject: {fileID: 7067702237528340940}
  m_LocalRotation: {x: 0.00000012852252, y: -0, z: -0, w: 1}
  m_LocalPosition: {x: -0.18036908, y: 0.1, z: -0.1}
  m_LocalScale: {x: 1, y: 1, z: 1}
  m_Children: []
  m_Father: {fileID: 2581864935710785044}
  m_RootOrder: 7
  m_LocalEulerAnglesHint: {x: 0, y: 0, z: 0}
--- !u!1001 &4438640283776146798
PrefabInstance:
  m_ObjectHideFlags: 0
  serializedVersion: 2
  m_Modification:
    m_TransformParent: {fileID: 2581864935710785044}
    m_Modifications:
    - target: {fileID: 1151995130054827153, guid: c7cff88cc4a411346b7ed98f0ac54e22, type: 3}
      propertyPath: m_RootOrder
      value: 9
      objectReference: {fileID: 0}
    - target: {fileID: 3521932796010957011, guid: c7cff88cc4a411346b7ed98f0ac54e22, type: 3}
      propertyPath: m_RootOrder
      value: 3
      objectReference: {fileID: 0}
    - target: {fileID: 3521932796010957011, guid: c7cff88cc4a411346b7ed98f0ac54e22, type: 3}
      propertyPath: m_LocalPosition.x
      value: 0
      objectReference: {fileID: 0}
    - target: {fileID: 3521932796010957011, guid: c7cff88cc4a411346b7ed98f0ac54e22, type: 3}
      propertyPath: m_LocalPosition.y
      value: 0
      objectReference: {fileID: 0}
    - target: {fileID: 3521932796010957011, guid: c7cff88cc4a411346b7ed98f0ac54e22, type: 3}
      propertyPath: m_LocalPosition.z
      value: 0
      objectReference: {fileID: 0}
    - target: {fileID: 3521932796010957011, guid: c7cff88cc4a411346b7ed98f0ac54e22, type: 3}
      propertyPath: m_LocalRotation.w
      value: 1
      objectReference: {fileID: 0}
    - target: {fileID: 3521932796010957011, guid: c7cff88cc4a411346b7ed98f0ac54e22, type: 3}
      propertyPath: m_LocalRotation.x
      value: 0
      objectReference: {fileID: 0}
    - target: {fileID: 3521932796010957011, guid: c7cff88cc4a411346b7ed98f0ac54e22, type: 3}
      propertyPath: m_LocalRotation.y
      value: 0
      objectReference: {fileID: 0}
    - target: {fileID: 3521932796010957011, guid: c7cff88cc4a411346b7ed98f0ac54e22, type: 3}
      propertyPath: m_LocalRotation.z
      value: 0
      objectReference: {fileID: 0}
    - target: {fileID: 3521932796010957011, guid: c7cff88cc4a411346b7ed98f0ac54e22, type: 3}
      propertyPath: m_LocalEulerAnglesHint.x
      value: 0
      objectReference: {fileID: 0}
    - target: {fileID: 3521932796010957011, guid: c7cff88cc4a411346b7ed98f0ac54e22, type: 3}
      propertyPath: m_LocalEulerAnglesHint.y
      value: 0
      objectReference: {fileID: 0}
    - target: {fileID: 3521932796010957011, guid: c7cff88cc4a411346b7ed98f0ac54e22, type: 3}
      propertyPath: m_LocalEulerAnglesHint.z
      value: 0
      objectReference: {fileID: 0}
    - target: {fileID: 4299736545121292905, guid: c7cff88cc4a411346b7ed98f0ac54e22, type: 3}
      propertyPath: m_Name
      value: Violette_Rigged_FINAL_MESH
      objectReference: {fileID: 0}
    - target: {fileID: 9152320320899156837, guid: c7cff88cc4a411346b7ed98f0ac54e22, type: 3}
      propertyPath: m_Time
      value: 0.2
      objectReference: {fileID: 0}
    - target: {fileID: 9152320320899156837, guid: c7cff88cc4a411346b7ed98f0ac54e22, type: 3}
      propertyPath: m_Autodestruct
      value: 0
      objectReference: {fileID: 0}
    m_RemovedComponents:
    - {fileID: 7349953633367478953, guid: c7cff88cc4a411346b7ed98f0ac54e22, type: 3}
    - {fileID: 9152320320899156837, guid: c7cff88cc4a411346b7ed98f0ac54e22, type: 3}
  m_SourcePrefab: {fileID: 100100000, guid: c7cff88cc4a411346b7ed98f0ac54e22, type: 3}
--- !u!137 &3020079202227079669 stripped
SkinnedMeshRenderer:
  m_CorrespondingSourceObject: {fileID: 1472762679842903195, guid: c7cff88cc4a411346b7ed98f0ac54e22, type: 3}
  m_PrefabInstance: {fileID: 4438640283776146798}
  m_PrefabAsset: {fileID: 0}
--- !u!137 &165850294912812711 stripped
SkinnedMeshRenderer:
  m_CorrespondingSourceObject: {fileID: 4599301277595950025, guid: c7cff88cc4a411346b7ed98f0ac54e22, type: 3}
  m_PrefabInstance: {fileID: 4438640283776146798}
  m_PrefabAsset: {fileID: 0}
--- !u!4 &6666776244600338094 stripped
Transform:
  m_CorrespondingSourceObject: {fileID: 6997488253810846656, guid: c7cff88cc4a411346b7ed98f0ac54e22, type: 3}
  m_PrefabInstance: {fileID: 4438640283776146798}
  m_PrefabAsset: {fileID: 0}
--- !u!1001 &7686408558936032224
PrefabInstance:
  m_ObjectHideFlags: 0
  serializedVersion: 2
  m_Modification:
    m_TransformParent: {fileID: 0}
    m_Modifications:
    - target: {fileID: 1252374746634999958, guid: a3adbea6cf64fba4bb37a30235564a20, type: 3}
      propertyPath: m_Avatar
      value: 
      objectReference: {fileID: 9000000, guid: e9e0fe6861064b34aa6bd996423cbd10, type: 3}
    - target: {fileID: 1252374746634999958, guid: a3adbea6cf64fba4bb37a30235564a20, type: 3}
      propertyPath: m_Controller
      value: 
      objectReference: {fileID: 9100000, guid: b0c97757af43be646b92be220dc13328, type: 2}
    - target: {fileID: 3279785218671499237, guid: a3adbea6cf64fba4bb37a30235564a20, type: 3}
      propertyPath: m_IsActive
      value: 0
      objectReference: {fileID: 0}
    - target: {fileID: 3395456436329538588, guid: a3adbea6cf64fba4bb37a30235564a20, type: 3}
      propertyPath: LeftFoot
      value: 
      objectReference: {fileID: 829499373268830536}
    - target: {fileID: 3395456436329538588, guid: a3adbea6cf64fba4bb37a30235564a20, type: 3}
      propertyPath: MaxValue
      value: 100
      objectReference: {fileID: 0}
    - target: {fileID: 3395456436329538588, guid: a3adbea6cf64fba4bb37a30235564a20, type: 3}
      propertyPath: MinValue
      value: 0
      objectReference: {fileID: 0}
    - target: {fileID: 3395456436329538588, guid: a3adbea6cf64fba4bb37a30235564a20, type: 3}
      propertyPath: RightFoot
      value: 
      objectReference: {fileID: 1082096005680258134}
    - target: {fileID: 3395456436329538588, guid: a3adbea6cf64fba4bb37a30235564a20, type: 3}
      propertyPath: ColorEffect.b
      value: 0.40392157
      objectReference: {fileID: 0}
    - target: {fileID: 3395456436329538588, guid: a3adbea6cf64fba4bb37a30235564a20, type: 3}
      propertyPath: ColorEffect.g
      value: 0.7490196
      objectReference: {fileID: 0}
    - target: {fileID: 3395456436329538588, guid: a3adbea6cf64fba4bb37a30235564a20, type: 3}
      propertyPath: ColorEffect.r
      value: 0.07450981
      objectReference: {fileID: 0}
    - target: {fileID: 3395456436329538588, guid: a3adbea6cf64fba4bb37a30235564a20, type: 3}
      propertyPath: ChargingEffect
      value: 
      objectReference: {fileID: 6959553070968795138}
    - target: {fileID: 3395456436329538588, guid: a3adbea6cf64fba4bb37a30235564a20, type: 3}
      propertyPath: ChargingColorEffect.b
      value: 0.40392157
      objectReference: {fileID: 0}
    - target: {fileID: 3395456436329538588, guid: a3adbea6cf64fba4bb37a30235564a20, type: 3}
      propertyPath: ChargingColorEffect.g
      value: 0.7490196
      objectReference: {fileID: 0}
    - target: {fileID: 3395456436329538588, guid: a3adbea6cf64fba4bb37a30235564a20, type: 3}
      propertyPath: ChargingColorEffect.r
      value: 0.07450981
      objectReference: {fileID: 0}
    - target: {fileID: 3395456436329538588, guid: a3adbea6cf64fba4bb37a30235564a20, type: 3}
      propertyPath: ChargingRenderer.Array.size
      value: 2
      objectReference: {fileID: 0}
    - target: {fileID: 3395456436329538588, guid: a3adbea6cf64fba4bb37a30235564a20, type: 3}
      propertyPath: ChargingRenderer.Array.data[0]
      value: 
      objectReference: {fileID: 165850294912812711}
    - target: {fileID: 3395456436329538588, guid: a3adbea6cf64fba4bb37a30235564a20, type: 3}
      propertyPath: ChargingRenderer.Array.data[1]
      value: 
      objectReference: {fileID: 3020079202227079669}
    - target: {fileID: 4817785032284874711, guid: a3adbea6cf64fba4bb37a30235564a20, type: 3}
      propertyPath: m_SortingOrder
      value: 1
      objectReference: {fileID: 0}
    - target: {fileID: 5015142680105832356, guid: a3adbea6cf64fba4bb37a30235564a20, type: 3}
      propertyPath: m_RootOrder
      value: 5
      objectReference: {fileID: 0}
    - target: {fileID: 5296017274836385268, guid: a3adbea6cf64fba4bb37a30235564a20, type: 3}
      propertyPath: m_RootOrder
      value: 0
      objectReference: {fileID: 0}
    - target: {fileID: 5296017274836385268, guid: a3adbea6cf64fba4bb37a30235564a20, type: 3}
      propertyPath: m_LocalPosition.x
      value: 0
      objectReference: {fileID: 0}
    - target: {fileID: 5296017274836385268, guid: a3adbea6cf64fba4bb37a30235564a20, type: 3}
      propertyPath: m_LocalPosition.y
      value: 0
      objectReference: {fileID: 0}
    - target: {fileID: 5296017274836385268, guid: a3adbea6cf64fba4bb37a30235564a20, type: 3}
      propertyPath: m_LocalPosition.z
      value: 0
      objectReference: {fileID: 0}
    - target: {fileID: 5296017274836385268, guid: a3adbea6cf64fba4bb37a30235564a20, type: 3}
      propertyPath: m_LocalRotation.w
      value: 1
      objectReference: {fileID: 0}
    - target: {fileID: 5296017274836385268, guid: a3adbea6cf64fba4bb37a30235564a20, type: 3}
      propertyPath: m_LocalRotation.x
      value: -0
      objectReference: {fileID: 0}
    - target: {fileID: 5296017274836385268, guid: a3adbea6cf64fba4bb37a30235564a20, type: 3}
      propertyPath: m_LocalRotation.y
      value: -0
      objectReference: {fileID: 0}
    - target: {fileID: 5296017274836385268, guid: a3adbea6cf64fba4bb37a30235564a20, type: 3}
      propertyPath: m_LocalRotation.z
      value: -0
      objectReference: {fileID: 0}
    - target: {fileID: 5296017274836385268, guid: a3adbea6cf64fba4bb37a30235564a20, type: 3}
      propertyPath: m_LocalEulerAnglesHint.x
      value: 0
      objectReference: {fileID: 0}
    - target: {fileID: 5296017274836385268, guid: a3adbea6cf64fba4bb37a30235564a20, type: 3}
      propertyPath: m_LocalEulerAnglesHint.y
      value: 0
      objectReference: {fileID: 0}
    - target: {fileID: 5296017274836385268, guid: a3adbea6cf64fba4bb37a30235564a20, type: 3}
      propertyPath: m_LocalEulerAnglesHint.z
      value: 0
      objectReference: {fileID: 0}
    - target: {fileID: 6192275780973976486, guid: a3adbea6cf64fba4bb37a30235564a20, type: 3}
      propertyPath: m_Icon
      value: 
      objectReference: {fileID: 419385456094870383, guid: 0000000000000000d000000000000000, type: 0}
    - target: {fileID: 6192275780973976486, guid: a3adbea6cf64fba4bb37a30235564a20, type: 3}
      propertyPath: m_Name
      value: Violette
      objectReference: {fileID: 0}
    - target: {fileID: 6192275780973976486, guid: a3adbea6cf64fba4bb37a30235564a20, type: 3}
      propertyPath: m_IsActive
      value: 1
      objectReference: {fileID: 0}
    - target: {fileID: 6294183318267358279, guid: a3adbea6cf64fba4bb37a30235564a20, type: 3}
      propertyPath: m_Materials.Array.data[0]
      value: 
      objectReference: {fileID: 2100000, guid: 6b3eec42c73c97948bddc53b0dde106b, type: 2}
    - target: {fileID: 6758029768150386031, guid: a3adbea6cf64fba4bb37a30235564a20, type: 3}
      propertyPath: Animator
      value: 
      objectReference: {fileID: 8920170635003353974}
    - target: {fileID: 6758029768150386031, guid: a3adbea6cf64fba4bb37a30235564a20, type: 3}
      propertyPath: BucketPosition
      value: 
      objectReference: {fileID: 8740721847131973001}
    - target: {fileID: 7107010138587805966, guid: a3adbea6cf64fba4bb37a30235564a20, type: 3}
      propertyPath: m_Materials.Array.data[0]
      value: 
      objectReference: {fileID: 0}
    - target: {fileID: 8403816340450074961, guid: a3adbea6cf64fba4bb37a30235564a20, type: 3}
      propertyPath: m_Enabled
      value: 1
      objectReference: {fileID: 0}
    - target: {fileID: 8403816340450074961, guid: a3adbea6cf64fba4bb37a30235564a20, type: 3}
      propertyPath: m_Materials.Array.data[0]
      value: 
      objectReference: {fileID: 2100000, guid: 54afe7a9bcdf39a4a84bf04847fe3c72, type: 2}
    - target: {fileID: 8709437434981054175, guid: a3adbea6cf64fba4bb37a30235564a20, type: 3}
      propertyPath: m_RootOrder
      value: 6
      objectReference: {fileID: 0}
    - target: {fileID: 8940841481575979707, guid: a3adbea6cf64fba4bb37a30235564a20, type: 3}
      propertyPath: Range
      value: 1
      objectReference: {fileID: 0}
    m_RemovedComponents: []
  m_SourcePrefab: {fileID: 100100000, guid: a3adbea6cf64fba4bb37a30235564a20, type: 3}
--- !u!4 &2581864935710785044 stripped
Transform:
  m_CorrespondingSourceObject: {fileID: 5296017274836385268, guid: a3adbea6cf64fba4bb37a30235564a20, type: 3}
  m_PrefabInstance: {fileID: 7686408558936032224}
  m_PrefabAsset: {fileID: 0}
--- !u!95 &8920170635003353974 stripped
Animator:
  m_CorrespondingSourceObject: {fileID: 1252374746634999958, guid: a3adbea6cf64fba4bb37a30235564a20, type: 3}
  m_PrefabInstance: {fileID: 7686408558936032224}
  m_PrefabAsset: {fileID: 0}
--- !u!1001 &7738469208606907263
PrefabInstance:
  m_ObjectHideFlags: 0
  serializedVersion: 2
  m_Modification:
    m_TransformParent: {fileID: 2581864935710785044}
    m_Modifications:
    - target: {fileID: 860711015509159334, guid: 6b8553944a99d194ca31c48074155485, type: 3}
      propertyPath: m_Name
      value: ElectricalOrbViolette
      objectReference: {fileID: 0}
    - target: {fileID: 860711015509159334, guid: 6b8553944a99d194ca31c48074155485, type: 3}
      propertyPath: m_IsActive
      value: 1
      objectReference: {fileID: 0}
    - target: {fileID: 860711015509159335, guid: 6b8553944a99d194ca31c48074155485, type: 3}
      propertyPath: m_RootOrder
      value: 4
      objectReference: {fileID: 0}
    - target: {fileID: 860711015509159335, guid: 6b8553944a99d194ca31c48074155485, type: 3}
      propertyPath: m_LocalPosition.x
      value: 0
      objectReference: {fileID: 0}
    - target: {fileID: 860711015509159335, guid: 6b8553944a99d194ca31c48074155485, type: 3}
      propertyPath: m_LocalPosition.y
      value: 1.098
      objectReference: {fileID: 0}
    - target: {fileID: 860711015509159335, guid: 6b8553944a99d194ca31c48074155485, type: 3}
      propertyPath: m_LocalPosition.z
      value: 0.78
      objectReference: {fileID: 0}
    - target: {fileID: 860711015509159335, guid: 6b8553944a99d194ca31c48074155485, type: 3}
      propertyPath: m_LocalRotation.w
      value: 1
      objectReference: {fileID: 0}
    - target: {fileID: 860711015509159335, guid: 6b8553944a99d194ca31c48074155485, type: 3}
      propertyPath: m_LocalRotation.x
      value: 0
      objectReference: {fileID: 0}
    - target: {fileID: 860711015509159335, guid: 6b8553944a99d194ca31c48074155485, type: 3}
      propertyPath: m_LocalRotation.y
      value: 0
      objectReference: {fileID: 0}
    - target: {fileID: 860711015509159335, guid: 6b8553944a99d194ca31c48074155485, type: 3}
      propertyPath: m_LocalRotation.z
      value: 0
      objectReference: {fileID: 0}
    - target: {fileID: 860711015509159335, guid: 6b8553944a99d194ca31c48074155485, type: 3}
      propertyPath: m_LocalEulerAnglesHint.x
      value: 0
      objectReference: {fileID: 0}
    - target: {fileID: 860711015509159335, guid: 6b8553944a99d194ca31c48074155485, type: 3}
      propertyPath: m_LocalEulerAnglesHint.y
      value: 0
      objectReference: {fileID: 0}
    - target: {fileID: 860711015509159335, guid: 6b8553944a99d194ca31c48074155485, type: 3}
      propertyPath: m_LocalEulerAnglesHint.z
      value: 0
      objectReference: {fileID: 0}
    m_RemovedComponents: []
  m_SourcePrefab: {fileID: 100100000, guid: 6b8553944a99d194ca31c48074155485, type: 3}
--- !u!198 &6959553070968795138 stripped
ParticleSystem:
  m_CorrespondingSourceObject: {fileID: 860711015325821821, guid: 6b8553944a99d194ca31c48074155485, type: 3}
  m_PrefabInstance: {fileID: 7738469208606907263}
  m_PrefabAsset: {fileID: 0}
